@inproceedings{bickel2007discriminative,
  title={Discriminative learning for differing training and test distributions},
  author={Bickel, Steffen and Br{\"u}ckner, Michael and Scheffer, Tobias},
  booktitle={Proceedings of the 24th international conference on Machine learning},
  pages={81--88},
  year={2007},
  organization={ACM}
}
@article{kanamori2010density,
  title={Density ratio estimation: A comprehensive review},
  author={Kanamori, Takafumi},
  journal={数理解析研究所講究録},
  volume={1703},
  pages={10--31},
  year={2010}
}
@inproceedings{huang2006correcting,
  title={Correcting sample selection bias by unlabeled data},
  author={Huang, Jiayuan and Gretton, Arthur and Borgwardt, Karsten M and Sch{\"o}lkopf, Bernhard and Smola, Alex J},
  booktitle={Advances in neural information processing systems},
  pages={601--608},
  year={2006}
}
@inproceedings{nguyen2007estimating,
  title={Estimating divergence functionals and the likelihood ratio by penalized convex risk minimization.},
  author={Nguyen, XuanLong and Wainwright, Martin J and Jordan, Michael I}
}
@article{suzuki2013sufficient,
  title={Sufficient dimension reduction via squared-loss mutual information estimation},
  author={Suzuki, Taiji and Sugiyama, Masashi},
  journal={Neural computation},
  volume={25},
  number={3},
  pages={725--758},
  year={2013},
  publisher={MIT Press}
}
@article{shimodaira2000improving,
  title={Improving predictive inference under covariate shift by weighting the log-likelihood function},
  author={Shimodaira, Hidetoshi},
  journal={Journal of statistical planning and inference},
  volume={90},
  number={2},
  pages={227--244},
  year={2000},
  publisher={Elsevier}
}
@article{edelman1998geometry,
  title={The geometry of algorithms with orthogonality constraints},
  author={Edelman, Alan and Arias, Tom{\'a}s A and Smith, Steven T},
  journal={SIAM journal on Matrix Analysis and Applications},
  volume={20},
  number={2},
  pages={303--353},
  year={1998},
  publisher={SIAM}
}
@article{bengio2000gradient,
  title={Gradient-based optimization of hyperparameters},
  author={Bengio, Yoshua},
  journal={Neural computation},
  volume={12},
  number={8},
  pages={1889--1900},
  year={2000},
  publisher={MIT Press}
}